<?xml version="1.0" encoding="UTF-8"?>
<marc:records xmlns:marc="http://www.loc.gov/MARC21/slim" xmlns:xsi="http://www.w3.org/2001/XMLSchema-instance" xsi:schemaLocation="http://www.loc.gov/MARC21/slim http://www.loc.gov/standards/marcxml/schema/MARC21slim.xsd">
  <marc:record>
    <marc:leader>02835ctm a2200505Ii 4500</marc:leader>
    <marc:controlfield tag="001">992848463503681</marc:controlfield>
    <marc:controlfield tag="005">20220610060842.0</marc:controlfield>
    <marc:controlfield tag="008">830329s1829    xx       m    000 0 eng d</marc:controlfield>
    <marc:datafield ind1=" " ind2=" " tag="035">
  <marc:subfield code="a">(OCoLC)13608337</marc:subfield>
</marc:datafield>
    <marc:datafield ind1=" " ind2=" " tag="035">
  <marc:subfield code="a">(OCoLC)ocm13608337</marc:subfield>
</marc:datafield>
    <marc:datafield ind1=" " ind2=" " tag="035">
  <marc:subfield code="a">(PU)284846-penndb-Voyager</marc:subfield>
</marc:datafield>
    <marc:datafield ind1=" " ind2=" " tag="040">
  <marc:subfield code="a">PAU</marc:subfield>
  <marc:subfield code="b">eng</marc:subfield>
  <marc:subfield code="e">rda</marc:subfield>
  <marc:subfield code="c">PAU</marc:subfield>
  <marc:subfield code="d">OCLCQ</marc:subfield>
  <marc:subfield code="d">OCLCO</marc:subfield>
  <marc:subfield code="d">OCLCF</marc:subfield>
  <marc:subfield code="d">PAU</marc:subfield>
</marc:datafield>
    <marc:datafield ind1="1" ind2=" " tag="100">
  <marc:subfield code="a">Olds, Edson B.</marc:subfield>
  <marc:subfield code="q">(Edson Baldwin),</marc:subfield>
  <marc:subfield code="d">1802-1869,</marc:subfield>
  <marc:subfield code="e">author.</marc:subfield>
  <marc:subfield code="0">http://id.loc.gov/authorities/names/no94044339</marc:subfield>
</marc:datafield>
    <marc:datafield ind1="1" ind2="3" tag="245">
  <marc:subfield code="a">An Essay on Secale Cornutum or Ergot :</marc:subfield>
  <marc:subfield code="b">for The degree of Doctor of Medicine in the University of Pennsylvania /</marc:subfield>
  <marc:subfield code="c">By Edson B. Olds of Ohio. Jan. 10th 1829.</marc:subfield>
</marc:datafield>
    <marc:datafield ind1=" " ind2="0" tag="264">
  <marc:subfield code="c">1829.</marc:subfield>
</marc:datafield>
    <marc:datafield ind1=" " ind2=" " tag="300">
  <marc:subfield code="a">31 leaves ;</marc:subfield>
  <marc:subfield code="c">25 cm</marc:subfield>
</marc:datafield>
    <marc:datafield ind1=" " ind2=" " tag="336">
  <marc:subfield code="a">text</marc:subfield>
  <marc:subfield code="b">txt</marc:subfield>
  <marc:subfield code="2">rdacontent</marc:subfield>
</marc:datafield>
    <marc:datafield ind1=" " ind2=" " tag="337">
  <marc:subfield code="a">unmediated</marc:subfield>
  <marc:subfield code="b">n</marc:subfield>
  <marc:subfield code="2">rdamedia</marc:subfield>
</marc:datafield>
    <marc:datafield ind1=" " ind2=" " tag="338">
  <marc:subfield code="a">volume</marc:subfield>
  <marc:subfield code="b">nc</marc:subfield>
  <marc:subfield code="2">rdacarrier</marc:subfield>
</marc:datafield>
    <marc:datafield ind1=" " ind2=" " tag="500">
  <marc:subfield code="a">"Passed, Feb. 27, 1829"--title page.</marc:subfield>
</marc:datafield>
    <marc:datafield ind1=" " ind2=" " tag="500">
  <marc:subfield code="a">Volume 52 number 5 Pt.1 in a collection of University of Pennsylvania medical dissertations bound together.</marc:subfield>
</marc:datafield>
    <marc:datafield ind1=" " ind2=" " tag="502">
  <marc:subfield code="a">Dissertation (M.D.)--School of Medicine, University of Pennsylvania, 1829.</marc:subfield>
</marc:datafield>
    <marc:datafield ind1=" " ind2="0" tag="650">
  <marc:subfield code="a">Ergot.</marc:subfield>
  <marc:subfield code="0">http://id.loc.gov/authorities/subjects/sh85044603</marc:subfield>
</marc:datafield>
    <marc:datafield ind1=" " ind2="7" tag="650">
  <marc:subfield code="a">Ergot.</marc:subfield>
  <marc:subfield code="2">fast</marc:subfield>
  <marc:subfield code="0">http://id.worldcat.org/fast/914661</marc:subfield>
</marc:datafield>
    <marc:datafield ind1=" " ind2="0" tag="650">
  <marc:subfield code="a">Uterus</marc:subfield>
  <marc:subfield code="x">Contraction.</marc:subfield>
  <marc:subfield code="0">http://id.loc.gov/authorities/subjects/sh93004641</marc:subfield>
</marc:datafield>
    <marc:datafield ind1=" " ind2="7" tag="650">
  <marc:subfield code="a">Uterus</marc:subfield>
  <marc:subfield code="x">Contraction.</marc:subfield>
  <marc:subfield code="2">fast</marc:subfield>
  <marc:subfield code="0">http://id.worldcat.org/fast/1163314</marc:subfield>
</marc:datafield>
    <marc:datafield ind1=" " ind2="0" tag="650">
  <marc:subfield code="a">Childbirth.</marc:subfield>
  <marc:subfield code="0">http://id.loc.gov/authorities/subjects/sh85023401</marc:subfield>
</marc:datafield>
    <marc:datafield ind1=" " ind2="7" tag="650">
  <marc:subfield code="a">Childbirth.</marc:subfield>
  <marc:subfield code="2">fast</marc:subfield>
  <marc:subfield code="0">http://id.worldcat.org/fast/854780</marc:subfield>
</marc:datafield>
    <marc:datafield ind1=" " ind2="4" tag="650">
  <marc:subfield code="5">PU</marc:subfield>
</marc:datafield>
    <marc:datafield ind1=" " ind2="7" tag="650">
  <marc:subfield code="a">Labor (Obstetrics)</marc:subfield>
  <marc:subfield code="x">Complications.</marc:subfield>
  <marc:subfield code="2">fast</marc:subfield>
  <marc:subfield code="0">http://id.worldcat.org/fast/989847</marc:subfield>
</marc:datafield>
    <marc:datafield ind1=" " ind2="0" tag="650">
  <marc:subfield code="a">Uterine hemorrhage.</marc:subfield>
  <marc:subfield code="0">http://id.loc.gov/authorities/subjects/sh85060226</marc:subfield>
</marc:datafield>
    <marc:datafield ind1=" " ind2="7" tag="650">
  <marc:subfield code="a">Uterine hemorrhage.</marc:subfield>
  <marc:subfield code="2">fast</marc:subfield>
  <marc:subfield code="0">http://id.worldcat.org/fast/1163304</marc:subfield>
</marc:datafield>
    <marc:datafield ind1=" " ind2="4" tag="650">
  <marc:subfield code="a">Penn dissertations</marc:subfield>
  <marc:subfield code="x">Medicine.</marc:subfield>
</marc:datafield>
    <marc:datafield ind1=" " ind2="4" tag="650">
  <marc:subfield code="a">Medicine</marc:subfield>
  <marc:subfield code="x">Penn dissertations.</marc:subfield>
</marc:datafield>
    <marc:datafield ind1=" " ind2="0" tag="650">
  <marc:subfield code="a">Labor (Obstetrics)</marc:subfield>
  <marc:subfield code="x">Complications.</marc:subfield>
  <marc:subfield code="0">http://id.loc.gov/authorities/subjects/sh85073633</marc:subfield>
</marc:datafield>
    <marc:datafield ind1=" " ind2=" " tag="651">
  <marc:subfield code="y">1829</marc:subfield>
</marc:datafield>
    <marc:datafield ind1=" " ind2="7" tag="655">
  <marc:subfield code="a">Academic theses.</marc:subfield>
  <marc:subfield code="2">fast</marc:subfield>
  <marc:subfield code="0">http://id.worldcat.org/fast/1726453</marc:subfield>
</marc:datafield>
    <marc:datafield ind1=" " ind2="4" tag="655">
  <marc:subfield code="a">Manuscripts, American</marc:subfield>
  <marc:subfield code="y">19th century.</marc:subfield>
</marc:datafield>
    <marc:datafield ind1=" " ind2="7" tag="655">
  <marc:subfield code="a">Academic theses.</marc:subfield>
  <marc:subfield code="2">lcgft</marc:subfield>
  <marc:subfield code="0">http://id.loc.gov/authorities/genreForms/gf2014026039</marc:subfield>
</marc:datafield>
    <marc:datafield ind1="2" ind2=" " tag="710">
  <marc:subfield code="a">University of Pennsylvania Medical Dissertation Digital Library.</marc:subfield>
  <marc:subfield code="5">PU</marc:subfield>
</marc:datafield>
    <marc:datafield ind1="2" ind2=" " tag="710">
  <marc:subfield code="a">University of Pennsylvania.</marc:subfield>
  <marc:subfield code="b">School of Medicine,</marc:subfield>
  <marc:subfield code="e">degree granting institution.</marc:subfield>
  <marc:subfield code="0">http://id.loc.gov/authorities/names/n79066161</marc:subfield>
</marc:datafield>
    <marc:datafield ind1="0" ind2="0" tag="773">
  <marc:subfield code="t">University of Pennsylvania Medical Dissertation Digital Library.</marc:subfield>
</marc:datafield>
    <marc:datafield ind1=" " ind2=" " tag="852">
  <marc:subfield code="b">Kislak Center for Special Collections, Rare Books and Manuscripts</marc:subfield>
  <marc:subfield code="a">University of Pennsylvania</marc:subfield>
  <marc:subfield code="e">3420 Walnut Street, Philadelphia, Pennsylvania 19104-6206.</marc:subfield>
  <marc:subfield code="j">378.748 POM 52.5 Pt.1</marc:subfield>
</marc:datafield>
    <marc:datafield ind1="4" ind2="1" tag="856">
  <marc:subfield code="z">Facsimile</marc:subfield>
  <marc:subfield code="u">https://colenda.library.upenn.edu/catalog/81431-p3pk0797c</marc:subfield>
</marc:datafield>
    <marc:datafield ind1=" " ind2=" " tag="902">
  <marc:subfield code="a">MARCIVE 2022</marc:subfield>
</marc:datafield>
    <marc:datafield ind1=" " ind2=" " tag="950">
  <marc:subfield code="l">RBC</marc:subfield>
  <marc:subfield code="a">378.748</marc:subfield>
  <marc:subfield code="b">POM 52.5 Pt.1</marc:subfield>
  <marc:subfield code="i">03/29/83 C</marc:subfield>
</marc:datafield>
    <marc:datafield ind1=" " ind2=" " tag="955">
  <marc:subfield code="l">RBC</marc:subfield>
  <marc:subfield code="c">1</marc:subfield>
  <marc:subfield code="q">g.Univ.</marc:subfield>
  <marc:subfield code="i">03/29/83 C</marc:subfield>
</marc:datafield>
    <marc:datafield ind1=" " ind2=" " tag="999">
  <marc:subfield code="z">CHR 1829</marc:subfield>
</marc:datafield>
    <marc:holdings>
      <marc:holding>
        <marc:holding_id>22335644820003681</marc:holding_id>
        <marc:call_number>378.748 POM 52.5 Pt.1</marc:call_number>
        <marc:library>KislakCntr</marc:library>
        <marc:location>scrare</marc:location>
      </marc:holding>
    </marc:holdings>
  </marc:record>
</marc:records>
